@article{einstein1905,
  author       = {Albert Einstein},
  title        = {On the Electrodynamics of Moving Bodies},
  journal      = {Annalen der Physik},
  volume       = {17},
  number       = {10},
  year         = {1905},
  pages        = {891--921},
}
